<?xml version="1.0" encoding="UTF-8"?><collection xmlns="http://www.loc.gov/MARC21/slim"><record><leader>00439nam--2200157-i-4500</leader><controlfield tag="001">000007135</controlfield><controlfield tag="002">20161230</controlfield><controlfield tag="005">20170114221325</controlfield><controlfield tag="008">060222s1000------------r-----000-0-eng-d</controlfield><datafield ind1=" " ind2=" " tag="100"><subfield code="a">Chang, Kern K. N</subfield></datafield><datafield ind1=" " ind2=" " tag="245"><subfield code="a">Parametric and tunnel diodes</subfield></datafield><datafield ind1=" " ind2=" " tag="260"><subfield code="a">Englewood-Cliffs, N.J</subfield><subfield code="b">Prentice-Hall Inc</subfield><subfield code="c">1964</subfield></datafield><datafield ind1=" " ind2=" " tag="300"><subfield code="a">XIV+256 p</subfield></datafield><datafield ind1=" " ind2=" " tag="490"><subfield code="a">Prentice-hall Series In Electrical Engineering</subfield></datafield><datafield ind1=" " ind2=" " tag="852"><subfield code="a">21134</subfield></datafield><datafield ind1=" " ind2=" " tag="CAT"><subfield code="a">SYS</subfield><subfield code="c">20170114</subfield><subfield code="h">221325</subfield></datafield></record></collection>